<?xml version="1.0" encoding="UTF-8"?>
<collection xmlns:xsi="http://www.w3.org/2001/XMLSchema-instance" xsi:schemaLocation="http://www.loc.gov/MARC21/slim http://www.loc.gov/standards/marcxml/schema/MARC21slim.xsd" xmlns="http://www.loc.gov/MARC21/slim">
<record>
  <leader>00845mam a2200229 a 4500</leader>
  <controlfield tag="001">796279</controlfield>
  <controlfield tag="003">NNC</controlfield>
  <controlfield tag="005">20121017233638.0</controlfield>
  <controlfield tag="008">920622s1869    iq            000 0 ara d</controlfield>
  <datafield tag="035" ind1=" " ind2=" ">
    <subfield code="a">(OCoLC)36264615</subfield>
  </datafield>
  <datafield tag="035" ind1=" " ind2=" ">
    <subfield code="a">(OCoLC)ocm36264615</subfield>
  </datafield>
  <datafield tag="035" ind1=" " ind2=" ">
    <subfield code="a">(CStRLIN)NYCG89-B82299</subfield>
  </datafield>
  <datafield tag="035" ind1=" " ind2=" ">
    <subfield code="9">AEC8313CU</subfield>
  </datafield>
  <datafield tag="035" ind1=" " ind2=" ">
    <subfield code="a">(NNC)796279</subfield>
  </datafield>
  <datafield tag="040" ind1=" " ind2=" ">
    <subfield code="a">PUL</subfield>
    <subfield code="c">PUL</subfield>
  </datafield>
  <datafield tag="050" ind1=" " ind2="4">
    <subfield code="a">PJ7760.I18</subfield>
    <subfield code="b">F35</subfield>
  </datafield>
  <datafield tag="100" ind1="1" ind2=" ">
    <subfield code="a">Ibn ʻArabshāh, Aḥmad ibn Muḥammad,</subfield>
    <subfield code="d">1392-1450.</subfield>
  </datafield>
  <datafield tag="240" ind1="1" ind2="0">
    <subfield code="a">Fākihat al-khulafāʼ wa-mufākahat al-ẓurafāʼ</subfield>
  </datafield>
  <datafield tag="245" ind1="1" ind2="0">
    <subfield code="a">Kitāb fākihat al-khulafāʾ wa-mufākahat al-ẓurafāʾ /</subfield>
    <subfield code="c">lil-ʻallāmah Aḥmad ibn Muḥammad ibn ʻArabshāh al-Ḥanafī.</subfield>
  </datafield>
  <datafield tag="260" ind1=" " ind2=" ">
    <subfield code="a">al-Mawṣil :</subfield>
    <subfield code="b">Dayr al-Ābāʾ al-Dūminikīyīn,</subfield>
    <subfield code="c">1869.</subfield>
  </datafield>
  <datafield tag="300" ind1=" " ind2=" ">
    <subfield code="a">520 p. ;</subfield>
    <subfield code="c">25 cm.</subfield>
  </datafield>
  <datafield tag="740" ind1="0" ind2="1">
    <subfield code="a">Fākihat al-khulafāʾ wa-mufākahat al-ẓurafāʾ.</subfield>
  </datafield>
  <datafield tag="955" ind1=" " ind2=" ">
    <subfield code="b">CU01072536</subfield>
    <subfield code="d">off,glx</subfield>
    <subfield code="e">PJ7760.I18 F35</subfield>
  </datafield>
</record>
</collection>